@book{sloan2004high,
  title={High Performance Linux Clusters with OSCAR, Rocks, OpenMosix, and MPI: A Comprehensive Getting-Started Guide},
  author={Sloan, Joseph D},
  year={2004},
  publisher={" O'Reilly Media, Inc."}
}
@book{dayde2005high,
  title={High Performance Computing for Computational Science-VECPAR 2004: 6th International Conference, Valencia, Spain, June 28-30, 2004, Revised Selected and Invited Papers},
  author={Dayd{\'e}, Michel and Dongarra, Jack and Hern{\'a}ndez, Vincente and Palma, Jos{\'e} MLM},
  volume={3402},
  year={2005},
  publisher={Springer}
}
@book{milicchio2007distributed,
  title={Distributed services with OpenAFS: for enterprise and education},
  author={Milicchio, Franco and Gehrke, Wolfgang Alexander},
  year={2007},
  publisher={Springer Science \& Business Media}
}
@article{perezgrid,
  title={Grid Computing: A Ten Years Look Back},
  author={P{\'e}rez, Mar{\'\i}a S},
  journal={Facultad de Inform{\'a}tica Universidad Polit{\'e}cnica de Madrid mperez@ fi. upm. es}
}
@article{foster2002grid,
  title={What is the grid? a three point checklist},
  author={Foster, Ian},
  journal={GRID today},
  volume={1},
  number={6},
  pages={32--36},
  year={2002}
}
@article{dongarra2005high,
  title={High-performance computing: clusters, constellations, MPPs, and future directions},
  author={Dongarra, Jack and Sterling, Thomas and Simon, Horst and Strohmaier, Erich},
  journal={Computing in Science \& Engineering},
  volume={7},
  number={2},
  pages={51--59},
  year={2005},
  publisher={IEEE}
}
@book{culler1999parallel,
  title={Parallel computer architecture: a hardware/software approach},
  author={Culler, David and Singh, Jaswinder Pal and Gupta, Anoop},
  year={1999},
  publisher={Gulf Professional Publishing}
}
@book{el2005advanced,
  title={Advanced computer architecture and parallel processing},
  author={El-Rewini, Hesham and Abd-El-Barr, Mostafa},
  volume={42},
  year={2005},
  publisher={John Wiley \& Sons}
}
@inproceedings{fung2002mediated,
  title={Mediated reality using computer graphics hardware for computer vision},
  author={Fung, James and Tang, Felix and Mann, Steve},
  booktitle={Proceedings. Sixth International Symposium on Wearable Computers,},
  pages={83--89},
  year={2002},
  organization={IEEE}
}
@article{aimone2003eyetap,
  title={An EyeTap video-based featureless projective motion estimation assisted by gyroscopic tracking for wearable computer mediated reality},
  author={Aimone, Chris and Fung, James and Mann, Steve},
  journal={Personal and ubiquitous computing},
  volume={7},
  number={5},
  pages={236--248},
  year={2003},
  publisher={Springer-Verlag}
}
@inproceedings{fung2004computer,
  title={Computer vision signal processing on graphics processing units},
  author={Fung, James and Mann, Steve},
  booktitle={2004 IEEE International Conference on Acoustics, Speech, and Signal Processing},
  volume={5},
  pages={V--93},
  year={2004},
  organization={IEEE}
}
@inproceedings{chitty2007data,
  title={A data parallel approach to genetic programming using programmable graphics hardware},
  author={Chitty, Darren M},
  booktitle={Proceedings of the 9th annual conference on Genetic and evolutionary computation},
  pages={1566--1573},
  year={2007},
  organization={ACM}
}
@article{de2016formal,
  title={A formal definition of Big Data based on its essential features},
  author={De Mauro, Andrea and Greco, Marco and Grimaldi, Michele},
  journal={Library Review},
  volume={65},
  number={3},
  pages={122--135},
  year={2016},
  publisher={Emerald Group Publishing Limited}
}
@article{kaplan2019siri,
  title={Siri, Siri, in my hand: Whoâ€™s the fairest in the land? On the interpretations, illustrations, and implications of artificial intelligence},
  author={Kaplan, Andreas and Haenlein, Michael},
  journal={Business Horizons},
  volume={62},
  number={1},
  pages={15--25},
  year={2019},
  publisher={Elsevier}
}
@article{hilbert2016big,
  title={Big data for development: A review of promises and challenges},
  author={Hilbert, Martin},
  journal={Development Policy Review},
  volume={34},
  number={1},
  pages={135--174},
  year={2016},
  publisher={Wiley Online Library}
}
@article{boja2012distributed,
  title={Distributed parallel architecture for" big data"},
  author={Boja, Catalin and Pocovnicu, Adrian and Batagan, Lorena},
  journal={Informatica Economica},
  volume={16},
  number={2},
  pages={116},
  year={2012},
  publisher={INFOREC Association}
}