@article{incGM,
  title={Incremental frequent subgraph mining on large evolving graphs},
  author={Abdelhamid, Ehab and Canim, Mustafa and Sadoghi, Mohammad and Bhattacharjee, Bishwaranjan and Chang, Yuan-Chi and Kalnis, Panos},
  journal={IEEE Transactions on Knowledge and Data Engineering},
  volume={29},
  number={12},
  pages={2710--2723},
  year={2017},
  publisher={IEEE}
}
@article{grami,
  title={Grami: Frequent subgraph and pattern mining in a single large graph},
  author={Elseidy, Mohammed and Abdelhamid, Ehab and Skiadopoulos, Spiros and Kalnis, Panos},
  journal={Proceedings of the VLDB Endowment},
  volume={7},
  number={7},
  pages={517--528},
  year={2014},
  publisher={VLDB Endowment}
}
