@article{cortes1995support,
  title={Support-vector networks},
  author={Cortes, Corinna and Vapnik, Vladimir},
  journal={Machine learning},
  volume={20},
  number={3},
  pages={273--297},
  year={1995},
  publisher={Springer}
}
@article{gallier2019algebra,
  title={Algebra, Topology, Differential Calculus, and Optimization Theory For Computer Science and Engineering},
  author={Gallier, Jean and Quaintance, Jocelyn},
  year={2019}
}
@article{cover1965geometrical,
  title={Geometrical and statistical properties of systems of linear inequalities with applications in pattern recognition},
  author={Cover, Thomas M},
  journal={IEEE transactions on electronic computers},
  number={3},
  pages={326--334},
  year={1965},
  publisher={IEEE}
}
@misc{mercer1909functions,
  title={Functions of positive and negative type and their connection with the theory of integral equations, Philosophical Transsaction of the Royal Society of London, Ser},
  author={Mercer, J},
  year={1909},
  publisher={A}
}
@book{riesz1907esp√®ce,
  title={Sur une esp{\`e}ce de G{\'e}om{\'e}trie analytique des syst{\`e}mes de fonctions sommables},
  author={Riesz, F.},
  url={https://books.google.fr/books?id=vTdYAQAACAAJ},
  year={1907},
  publisher={Gauthier-Villars}
}
